@ARTICLE{scibook,
   author = {{LSST Science Collaboration}},
    title = "{LSST Science Book, Version 2.0}",
  journal = {ArXiv e-prints},
archivePrefix = "arXiv",
   eprint = {0912.0201},
 primaryClass = "astro-ph.IM",
 keywords = {Astrophysics - Instrumentation and Methods for Astrophysics, Astrophysics - Cosmology and Extragalactic Astrophysics, Astrophysics - Earth and Planetary Astrophysics, Astrophysics - Galaxy Astrophysics, Astrophysics - Solar and Stellar Astrophysics},
     year = 2009,
    month = dec,
   adsurl = {http://adsabs.harvard.edu/abs/2009arXiv0912.0201L},
  adsnote = {Provided by the SAO/NASA Astrophysics Data System}
}

@ARTICLE{2014AN....335..210N,
	   author = {{Ness}, J.-U. and {Parmar}, A.~N. and {Valencic}, L.~A. and 
		   	{Smith}, R. and {Loiseau}, N. and {Salama}, A. and {Ehle}, M. and 
				{Schartel}, N.},
	       title = "{XMM-Newton publication statistics}",
	         journal = {Astronomische Nachrichten},
		 archivePrefix = "arXiv",
		    eprint = {1311.5751},
		     primaryClass = "astro-ph.IM",
		      keywords = {publications, bibliography, space vehicles, telescopes},
		           year = 2014,
			       month = feb,
			          volume = 335,
				      pages = {210},
				            doi = {10.1002/asna.201312001},
					       adsurl = {http://adsabs.harvard.edu/abs/2014AN....335..210N},
					         adsnote = {Provided by the SAO/NASA Astrophysics Data System}
}


@ARTICLE{2017arXiv170308112L,
	   author = {{Leistedt}, B. and {Hogg}, D.~W.},
	       title = "{Hierarchical probabilistic inference of the color-magnitude diagram and shrinkage of stellar distance uncertainties}",
	         journal = {ArXiv e-prints},
		 archivePrefix = "arXiv",
		    eprint = {1703.08112},
		     primaryClass = "astro-ph.SR",
		      keywords = {Astrophysics - Solar and Stellar Astrophysics, Astrophysics - Astrophysics of Galaxies, Astrophysics - Instrumentation and Methods for Astrophysics},
		           year = 2017,
			       month = mar,
			          adsurl = {http://adsabs.harvard.edu/abs/2017arXiv170308112L},
				    adsnote = {Provided by the SAO/NASA Astrophysics Data System}
}


@ARTICLE{2017AJ....153..257O,
	   author = {{Oh}, S. and {Price-Whelan}, A.~M. and {Hogg}, D.~W. and {Morton}, T.~D. and 
		   	{Spergel}, D.~N.},
	       title = "{Comoving Stars in Gaia DR1: An Abundance of Very Wide Separation Comoving Pairs}",
	         journal = {\aj},
		 archivePrefix = "arXiv",
		    eprint = {1612.02440},
		     primaryClass = "astro-ph.SR",
		      keywords = {binaries: visual, methods: statistical, open clusters and associations: general, parallaxes, proper motions, stars: formation },
		           year = 2017,
			       month = jun,
			          volume = 153,
				        eid = {257},
					    pages = {257},
					          doi = {10.3847/1538-3881/aa6ffd},
						     adsurl = {http://adsabs.harvard.edu/abs/2017AJ....153..257O},
						       adsnote = {Provided by the SAO/NASA Astrophysics Data System}
}


@ARTICLE{2016ApJ...832L..23V,
	   author = {{van der Marel}, R.~P. and {Sahlmann}, J.},
	       title = "{First Gaia Local Group Dynamics: Magellanic Clouds Proper Motion and Rotation}",
	         journal = {\apjl},
		 archivePrefix = "arXiv",
		    eprint = {1609.04395},
		     keywords = {galaxies: individual: Large Magellanic Cloud, Small Magellanic Cloud, galaxies: kinematics and dynamics, Magellanic Clouds, proper motions},
		          year = 2016,
			      month = dec,
			         volume = 832,
				       eid = {L23},
				           pages = {L23},
					         doi = {10.3847/2041-8205/832/2/L23},
						    adsurl = {http://adsabs.harvard.edu/abs/2016ApJ...832L..23V},
						      adsnote = {Provided by the SAO/NASA Astrophysics Data System}
}


@ARTICLE{2008arXiv0805.2366I,
	   author = {{Ivezic}, Z. and {Tyson}, J.~A. and {Abel}, B. and {Acosta}, E. and 
		   	{Allsman}, R. and {AlSayyad}, Y. and {Anderson}, S.~F. and {Andrew}, J. and 
				{Angel}, R. and {Angeli}, G. and {Ansari}, R. and {Antilogus}, P. and 
					{Arndt}, K.~T. and {Astier}, P. and {Aubourg}, E. and {Axelrod}, T. and 
						{Bard}, D.~J. and {Barr}, J.~D. and {Barrau}, A. and {Bartlett}, J.~G. and 
							{Bauman}, B.~J. and {Beaumont}, S. and {Becker}, A.~C. and {Becla}, J. and 
								{Beldica}, C. and {Bellavia}, S. and {Blanc}, G. and {Blandford}, R.~D. and 
									{Bloom}, J.~S. and {Bogart}, J. and {Borne}, K. and {Bosch}, J.~F. and 
										{Boutigny}, D. and {Brandt}, W.~N. and {Brown}, M.~E. and {Bullock}, J.~S. and 
											{Burchat}, P. and {Burke}, D.~L. and {Cagnoli}, G. and {Calabrese}, D. and 
												{Chandrasekharan}, S. and {Chesley}, S. and {Cheu}, E.~C. and 
													{Chiang}, J. and {Claver}, C.~F. and {Connolly}, A.~J. and {Cook}, K.~H. and 
														{Cooray}, A. and {Covey}, K.~R. and {Cribbs}, C. and {Cui}, W. and 
															{Cutri}, R. and {Daubard}, G. and {Daues}, G. and {Delgado}, F. and 
																{Digel}, S. and {Doherty}, P. and {Dubois}, R. and {Dubois-Felsmann}, G.~P. and 
																	{Durech}, J. and {Eracleous}, M. and {Ferguson}, H. and {Frank}, J. and 
																		{Freemon}, M. and {Gangler}, E. and {Gawiser}, E. and {Geary}, J.~C. and 
																			{Gee}, P. and {Geha}, M. and {Gibson}, R.~R. and {Gilmore}, D.~K. and 
																				{Glanzman}, T. and {Goodenow}, I. and {Gressler}, W.~J. and 
																					{Gris}, P. and {Guyonnet}, A. and {Hascall}, P.~A. and {Haupt}, J. and 
																						{Hernandez}, F. and {Hogan}, C. and {Huang}, D. and {Huffer}, M.~E. and 
																							{Innes}, W.~R. and {Jacoby}, S.~H. and {Jain}, B. and {Jee}, J. and 
																								{Jernigan}, J.~G. and {Jevremovic}, D. and {Johns}, K. and {Jones}, R.~L. and 
																									{Juramy-Gilles}, C. and {Juric}, M. and {Kahn}, S.~M. and {Kalirai}, J.~S. and 
																										{Kallivayalil}, N. and {Kalmbach}, B. and {Kantor}, J.~P. and 
																											{Kasliwal}, M.~M. and {Kessler}, R. and {Kirkby}, D. and {Knox}, L. and 
																												{Kotov}, I. and {Krabbendam}, V.~L. and {Krughoff}, S. and {Kubanek}, P. and 
																													{Kuczewski}, J. and {Kulkarni}, S. and {Lambert}, R. and {Le Guillou}, L. and 
																														{Levine}, D. and {Liang}, M. and {Lim}, K. and {Lintott}, C. and 
																															{Lupton}, R.~H. and {Mahabal}, A. and {Marshall}, P. and {Marshall}, S. and 
																																{May}, M. and {McKercher}, R. and {Migliore}, M. and {Miller}, M. and 
																																	{Mills}, D.~J. and {Monet}, D.~G. and {Moniez}, M. and {Neill}, D.~R. and 
																																		{Nief}, J. and {Nomerotski}, A. and {Nordby}, M. and {O'Connor}, P. and 
																																			{Oliver}, J. and {Olivier}, S.~S. and {Olsen}, K. and {Ortiz}, S. and 
																																				{Owen}, R.~E. and {Pain}, R. and {Peterson}, J.~R. and {Petry}, C.~E. and 
																																					{Pierfederici}, F. and {Pietrowicz}, S. and {Pike}, R. and {Pinto}, P.~A. and 
																																						{Plante}, R. and {Plate}, S. and {Price}, P.~A. and {Prouza}, M. and 
																																							{Radeka}, V. and {Rajagopal}, J. and {Rasmussen}, A. and {Regnault}, N. and 
																																								{Ridgway}, S.~T. and {Ritz}, S. and {Rosing}, W. and {Roucelle}, C. and 
																																									{Rumore}, M.~R. and {Russo}, S. and {Saha}, A. and {Sassolas}, B. and 
																																										{Schalk}, T.~L. and {Schindler}, R.~H. and {Schneider}, D.~P. and 
																																											{Schumacher}, G. and {Sebag}, J. and {Sembroski}, G.~H. and 
																																												{Seppala}, L.~G. and {Shipsey}, I. and {Silvestri}, N. and {Smith}, J.~A. and 
																																													{Smith}, R.~C. and {Strauss}, M.~A. and {Stubbs}, C.~W. and 
																																														{Sweeney}, D. and {Szalay}, A. and {Takacs}, P. and {Thaler}, J.~J. and 
																																															{Van Berg}, R. and {Vanden Berk}, D. and {Vetter}, K. and {Virieux}, F. and 
																																																{Xin}, B. and {Walkowicz}, L. and {Walter}, C.~W. and {Wang}, D.~L. and 
																																																	{Warner}, M. and {Willman}, B. and {Wittman}, D. and {Wolff}, S.~C. and 
																																																		{Wood-Vasey}, W.~M. and {Yoachim}, P. and {Zhan}, H. and {for the LSST Collaboration}
																																																			},
	       title = "{LSST: from Science Drivers to Reference Design and Anticipated Data Products}",
	         journal = {ArXiv e-prints},
		 archivePrefix = "arXiv",
		    eprint = {0805.2366},
		     keywords = {Astrophysics},
		          year = 2008,
			      month = may,
			         adsurl = {http://adsabs.harvard.edu/abs/2008arXiv0805.2366I},
				   adsnote = {Provided by the SAO/NASA Astrophysics Data System}
}
@ARTICLE{2004PASP..116..133L,
	   author = {{Lupton}, R. and {Blanton}, M.~R. and {Fekete}, G. and {Hogg}, D.~W. and 
		   	{O'Mullane}, W. and {Szalay}, A. and {Wherry}, N.},
	       title = "{Preparing Red-Green-Blue Images from CCD Data}",
	         journal = {Publications of the ASP },
		    eprint = {astro-ph/0312483},
		     keywords = {Techniques: Image Processing, Techniques: Photometric},
		          year = 2004,
			      month = feb,
			         volume = 116,
				     pages = {133-137},
				           doi = {10.1086/382245},
					      adsurl = {http://adsabs.harvard.edu/abs/2004PASP..116..133L},
					        adsnote = {Provided by the SAO/NASA Astrophysics Data System}
}

